<record><leader>00000cas a22000007a 4500</leader><controlfield tag="001">16144348</controlfield><controlfield tag="008">870708d18981916iauwr ne      0    0eng d</controlfield><datafield ind1=" " ind2=" " tag="010"><subfield code="a">sn 87058463 </subfield></datafield><datafield ind1=" " ind2=" " tag="040"><subfield code="a">INP</subfield><subfield code="b">eng</subfield><subfield code="c">INP</subfield><subfield code="d">OCLCQ</subfield></datafield><datafield ind1=" " ind2=" " tag="042"><subfield code="a">msc</subfield></datafield><datafield ind1="0" ind2=" " tag="130"><subfield code="a">Times-gazette (Eagle Grove, Iowa : 1898)</subfield></datafield><datafield ind1="1" ind2="4" tag="245"><subfield code="a">The times-gazette.</subfield></datafield><datafield ind1="3" ind2="0" tag="246"><subfield code="a">Times-gazette Eagle Grove</subfield></datafield><datafield ind1=" " ind2=" " tag="260"><subfield code="a">Eagle Grove, Iowa :</subfield><subfield code="b">P.C. Hayes &amp; Sons,</subfield><subfield code="c">1898-1916.</subfield></datafield><datafield ind1=" " ind2=" " tag="300"><subfield code="a">15 v.</subfield></datafield><datafield ind1=" " ind2=" " tag="310"><subfield code="a">Weekly</subfield></datafield><datafield ind1="0" ind2=" " tag="362"><subfield code="a">Vol. 18, no. 3 (Sept. 22, 1898)-v. 32, no. 30 (Mar. 15, 1916).</subfield></datafield><datafield ind1=" " ind2=" " tag="500"><subfield code="a">Issues for &lt;Jan. 5&gt;-Mar. 15, 1916 have title: The times-gazette Eagle Grove.</subfield></datafield><datafield ind1=" " ind2=" " tag="500"><subfield code="a">Publisher varies.</subfield></datafield><datafield ind1=" " ind2=" " tag="500"><subfield code="a">Includes section called: Woolstock news.</subfield></datafield><datafield ind1=" " ind2=" " tag="752"><subfield code="a">United States</subfield><subfield code="b">Iowa</subfield><subfield code="c">Wright</subfield><subfield code="d">Eagle Grove.</subfield></datafield><datafield ind1=" " ind2=" " tag="752"><subfield code="a">United States</subfield><subfield code="b">Iowa</subfield><subfield code="c">Wright</subfield><subfield code="d">Woolstock.</subfield></datafield><datafield ind1="0" ind2=" " tag="775"><subfield code="t">Eagle Grove times (Eagle Grove, Iowa : 1895)</subfield><subfield code="g">Sept. 25, 1898-&lt;1901&gt;</subfield></datafield><datafield ind1="0" ind2=" " tag="775"><subfield code="t">Times-gazette (Eagle Grove, Iowa : 1901 : Daily)</subfield><subfield code="g">&lt;1901-1907&gt;</subfield></datafield><datafield ind1="0" ind2="4" tag="780"><subfield code="t">Boone Valley gazette</subfield><subfield code="w">(DLC)sn 87058461</subfield></datafield><datafield ind1="0" ind2="4" tag="780"><subfield code="t">Eagle Grove times (Eagle Grove, Iowa : 1881)</subfield><subfield code="w">(DLC)sn 87058462</subfield></datafield><datafield ind1="0" ind2="0" tag="785"><subfield code="t">Eagle Grove times-gazette</subfield><subfield code="w">(DLC)sn 88059593</subfield></datafield></record>